@inproceedings{vonluxburg2012clustering,
  title={Clustering: Science or art?},
  author={Von Luxburg, Ulrike and Williamson, Robert C and Guyon, Isabelle},
  booktitle={Proceedings of ICML workshop on unsupervised and transfer learning},
  pages={65--79},
  year={2012},
  organization={JMLR Workshop and Conference Proceedings}
}

@incollection{Baumes2005,
  doi = {10.1007/11427995_3},
  url = {https://doi.org/10.1007/11427995_3},
  year = {2005},
  publisher = {Springer Berlin Heidelberg},
  pages = {27--36},
  author = {Jeffrey Baumes and Mark Goldberg and Malik Magdon-Ismail},
  title = {Efficient Identification of Overlapping Communities},
  booktitle = {Intelligence and Security Informatics}
}

@article{Palla2005,
  doi = {10.1038/nature03607},
  url = {https://doi.org/10.1038/nature03607},
  year = {2005},
  month = jun,
  publisher = {Springer Science and Business Media {LLC}},
  volume = {435},
  number = {7043},
  pages = {814--818},
  author = {Gergely Palla and Imre Der{\'{e}}nyi and Ill{\'{e}}s Farkas and Tam{\'{a}}s Vicsek},
  title = {Uncovering the overlapping community structure of complex networks in nature and society},
  journal = {Nature}
}

@inproceedings{Lu2012,
  doi = {10.1109/icdmw.2012.16},
  url = {https://doi.org/10.1109/icdmw.2012.16},
  year = {2012},
  month = dec,
  publisher = {{IEEE}},
  author = {Haibing Lu and Yuan Hong and W. Nick Street and Fei Wang and Hanghang Tong},
  title = {Overlapping Clustering with Sparseness Constraints},
  booktitle = {2012 {IEEE} 12th International Conference on Data Mining Workshops}
}

@inproceedings{banerjee2005model,
  title={Model-based overlapping clustering},
  author={Banerjee, Arindam and Krumpelman, Chase and Ghosh, Joydeep and Basu, Sugato and Mooney, Raymond J},
  booktitle={Proceedings of the eleventh ACM SIGKDD international conference on Knowledge discovery in data mining},
  pages={532--537},
  year={2005}
}

@article{Lancichinetti2009,
  doi = {10.1088/1367-2630/11/3/033015},
  url = {https://doi.org/10.1088/1367-2630/11/3/033015},
  year = {2009},
  month = mar,
  publisher = {{IOP} Publishing},
  volume = {11},
  number = {3},
  pages = {033015},
  author = {Andrea Lancichinetti and Santo Fortunato and J{\'{a}}nos Kert{\'{e}}sz},
  title = {Detecting the overlapping and hierarchical community structure in complex networks},
  journal = {New Journal of Physics}
}

@article{lancichinetti2011limits,
  title={Limits of modularity maximization in community detection},
  author={Lancichinetti, Andrea and Fortunato, Santo},
  doi ={10.1103/PhysRevE.84.066122},
  journal={Physical review E},
  volume={84},
  number={6},
  pages={066122},
  year={2011},
  publisher={APS}
}

@inproceedings{Cleuziou2008,
  doi = {10.1109/icpr.2008.4761079},
  url = {https://doi.org/10.1109/icpr.2008.4761079},
  year = {2008},
  month = dec,
  publisher = {{IEEE}},
  author = {Guillaume Cleuziou},
  title = {An extended version of the k-means method for overlapping clustering},
  booktitle = {2008 19th International Conference on Pattern Recognition}
}

@misc{yanchenko_2202.04455,
Author = {Eric Yanchenko and Srijan Sengupta},
Title = {Core-periphery structure in networks: a statistical exposition},
Year = {2022},
Eprint = {arXiv:2202.04455},
note={Preprint: {arXiv:2202.04455}},
}

@article{Upham2009,
  doi = {10.1007/s11192-009-0051-9},
  url = {https://doi.org/10.1007/s11192-009-0051-9},
  year = {2009},
  month = jun,
  publisher = {Springer Science and Business Media {LLC}},
  volume = {83},
  number = {1},
  pages = {15--38},
  author = {S. Phineas Upham and Henry Small},
  title = {Emerging research fronts in science and technology: patterns of new knowledge development},
  journal = {Scientometrics}
}

@article{small1985clustering,
  title={Clustering the Science Citation Index using co-citations. II. Mapping science},
  author={Small, Henry and Sweeney, Ernest and Greenlee, Edward},
  journal={Scientometrics},
  volume={8},
  number={5-6},
  pages={321--340},
  year={1985},
  publisher={Akad{\'e}miai Kiad{\'o}, co-published with Springer Science+ Business Media BV~â€¦}
}

@article{Harary1960,
  doi = {10.1007/bf02854581},
  url = {https://doi.org/10.1007/bf02854581},
  year = {1960},
  month = may,
  publisher = {Springer Science and Business Media {LLC}},
  volume = {9},
  number = {2},
  pages = {161--168},
  author = {Frank Harary and Robert Z. Norman},
  title = {Some properties of line digraphs},
  journal = {Rendiconti del Circolo Matematico di Palermo}
}

@article{Wedell2022,
  note = {DOI:10.1162/qss\_a\_00184},
  year = {2022},
  publisher = {{MIT} Press - Journals},
  volume = {3},
  number = {1},
  pages = {289--314},
  author = {Eleanor Wedell and Minhyuk Park and Dmitriy Korobskiy and Tandy Warnow and George Chacko},
  title = {Center{\textendash}periphery structure in research communities},
  journal = {Quantitative Science Studies}
}

@article{Ahn2010,
  note = {DOI:10.1038/nature09182},
  url = {https://doi.org/10.1038/nature09182},
  year = {2010},
  month = jun,
  publisher = {Springer Science and Business Media {LLC}},
  volume = {466},
  number = {7307},
  pages = {761--764},
  author = {Yong-Yeol Ahn and James P. Bagrow and Sune Lehmann},
  title = {Link communities reveal multiscale complexity in networks},
  journal = {Nature},
}

@article{Havemann2021,
  note ={DOI:10.1162/qss\_a\_00108},
  url = {https://doi.org/10.1162/qss\_a\_00108},
  year = {2021},
  publisher = {{MIT} Press - Journals},
  volume = {2},
  number = {1},
  pages = {204--223},
  author = {Frank Havemann},
  title = {Topics as clusters of citation links to highly cited sources: The case of research on international relations},
  journal = {Quantitative Science Studies},
}

@incollection{Havemann2018,
  note ={DOI:10.1007/978-3-030-05411-3_18},
  url = {https://doi.org/10.1007/978-3-030-05411-3_18},
  year = {2018},
  month = dec,
  publisher = {Springer International Publishing},
  pages = {219--230},
  author = {Frank Havemann and Jochen Gl\"{a}ser and Michael Heinz},
  title = {Communities as Well Separated Subgraphs with Cohesive Cores: Identification of Core-Periphery Structures in Link Communities},
  booktitle = {Studies in Computational Intelligence},
}

@article{mullins1977group,
  title={The group structure of cocitation clusters: A comparative study},
  author={Mullins, Nicholas C and Hargens, Lowell L and Hecht, Pamela K and Kick, Edward L},
  journal={American sociological review},
  pages={552--562},
  year={1977},
  publisher={JSTOR},
}


@article{Morris2009,
  note ={DOI:10.1002/aris.2008.1440420113},
  url = {https://doi.org/10.1002/aris.2008.1440420113},
  year = {2009},
  month = nov,
  publisher = {Wiley},
  volume = {42},
  number = {1},
  pages = {213--295},
  author = {Steven A. Morris and Betsy Van der Veer Martens},
  title = {Mapping research specialties},
  journal = {Annual Review of Information Science and Technology},
}

@article{Morris2005,
  note ={DOI:10.1002/asi.20208},
  url = {https://doi.org/10.1002/asi.20208},
  year = {2005},
  publisher = {Wiley},
  volume = {56},
  number = {12},
  pages = {1250--1273},
  author = {Steven A. Morris},
  title = {Manifestation of emerging specialties in journal literature: A growth model of papers,  references,  exemplars,  bibliographic coupling,  cocitation,  and clustering coefficient distribution},
  journal = {Journal of the American Society for Information Science and Technology},
}

@article{Sjgrde2018,
  note ={DOI:10.1016/j.joi.2017.12.006},
  url = {https://doi.org/10.1016/j.joi.2017.12.006},
  year = {2018},
  month = feb,
  publisher = {Elsevier {BV}},
  volume = {12},
  number = {1},
  pages = {133--152},
  author = {Peter Sj\"{o}g{\aa}rde and Per Ahlgren},
  title = {Granularity of algorithmically constructed publication-level classifications of research publications: Identification of topics},
  journal = {Journal of Informetrics}
}

@article{Sjgrde2020,
  note ={DOI:10.1162/qss_a_00004},
  url = {https://doi.org/10.1162/qss_a_00004},
  year = {2020},
  month = feb,
  publisher = {{MIT} Press - Journals},
  volume = {1},
  number = {1},
  pages = {207--238},
  author = {Peter Sj\"{o}g{\aa}rde and Per Ahlgren},
  title = {Granularity of algorithmically constructed publication-level classifications of research publications: Identification of specialties},
  journal = {Quantitative Science Studies}
}

@article{gallagher2021clarified,
  title={A clarified typology of core-periphery structure in networks},
  author={Gallagher, Ryan J and Young, Jean-Gabriel and Welles, Brooke Foucault},
  journal={Science Advances},
  volume={7},
  number={12},
  pages={eabc9800},
  year={2021},
  publisher={American Association for the Advancement of Science}
}

@article{borgatti2000models,
  title={Models of core/periphery structures},
  author={Borgatti, Stephen P and Everett, Martin G},
  journal={Social networks},
  volume={21},
  number={4},
  pages={375--395},
  year={2000},
  publisher={Elsevier}
}

@article{Rombach2017,
  note ={DOI:10.1137/17m1130046},
  url = {https://doi.org/10.1137/17m1130046},
  year = {2017},
  month = jan,
  publisher = {Society for Industrial {\&} Applied Mathematics ({SIAM})},
  volume = {59},
  number = {3},
  pages = {619--646},
  author = {Puck Rombach and Mason A. Porter and James H. Fowler and Peter J. Mucha},
  title = {Core-Periphery Structure in Networks (Revisited)},
  journal = {{SIAM} Review}
}

@article{Rombach2014,
  note ={DOI:10.1137/120881683},
  url = {https://doi.org/10.1137/120881683},
  year = {2014},
  month = jan,
  publisher = {Society for Industrial {\&} Applied Mathematics ({SIAM})},
  volume = {74},
  number = {1},
  pages = {167--190},
  author = {M. Puck Rombach and Mason A. Porter and James H. Fowler and Peter J. Mucha},
  title = {Core-Periphery Structure in Networks},
  journal = {{SIAM} Journal on Applied Mathematics}
}

@article{Evans2009,
  note ={DOI:10.1103/physreve.80.016105},
  url = {https://doi.org/10.1103/physreve.80.016105},
  year = {2009},
  month = jul,
  publisher = {American Physical Society ({APS})},
  volume = {80},
  number = {1},
  author = {T. S. Evans and R. Lambiotte},
  title = {Line graphs,  link partitions,  and overlapping communities},
  journal = {Physical Review E}
}

@article{MacRoberts1996,
  note ={DOI:10.1007/bf02129604},
  url = {https://doi.org/10.1007/bf02129604},
  year = {1996},
  month = jul,
  publisher = {Springer Science and Business Media {LLC}},
  volume = {36},
  number = {3},
  pages = {435--444},
  author = {M. H. MacRoberts and Barbara R. MacRoberts},
  title = {Problems of citation analysis},
  journal = {Scientometrics}
}

@article{Cech2013,
  note ={DOI:10.1093/sf/sot024},
  url = {https://doi.org/10.1093/sf/sot024},
  year = {2013},
  month = apr,
  publisher = {Oxford University Press ({OUP})},
  volume = {91},
  number = {4},
  pages = {1147--1182},
  author = {E. A. Cech},
  title = {Ideological Wage Inequalities? The Technical/Social Dualism and the Gender Wage Gap in Engineering},
  journal = {Social Forces}
}

@article{Nielsen2017,
  note ={DOI:10.1073/pnas.1700616114},
  url = {https://doi.org/10.1073/pnas.1700616114},
  year = {2017},
  month = feb,
  publisher = {Proceedings of the National Academy of Sciences},
  volume = {114},
  number = {8},
  pages = {1740--1742},
  author = {Mathias Wullum Nielsen and Sharla Alegria and Love B\"{o}rjeson and Henry Etzkowitz and Holly J. Falk-Krzesinski and Aparna Joshi and Erin Leahey and Laurel Smith-Doerr and Anita Williams Woolley and Londa Schiebinger},
  title = {Opinion: Gender diversity leads to better science},
  journal = {Proceedings of the National Academy of Sciences}
}

@article{Nielsen2021,
  note ={DOI:10.1073/pnas.2012208118},
  url = {https://doi.org/10.1073/pnas.2012208118},
  year = {2021},
  month = feb,
  publisher = {Proceedings of the National Academy of Sciences},
  volume = {118},
  number = {7},
  pages = {e2012208118},
  author = {Mathias Wullum Nielsen and Jens Peter Andersen},
  title = {Global citation inequality is on the rise},
  journal = {Proceedings of the National Academy of Sciences}
}

@article{Chubin1976,
  note ={DOI:10.1111/j.1533-8525.1976.tb01715.x},
  year = {1976},
  month = sep,
  publisher = {Informa {UK} Limited},
  volume = {17},
  number = {4},
  pages = {448--476},
  author = {Daryl E. Chubin},
  title = {State of the Field The Conceptualization of Scientific Specialties},
  journal = {The Sociological Quarterly}
  }

@article{rata2006,
  note ={DOI:10.1038/sj.leu.2404132},
  url = {https://doi.org/10.1038/sj.leu.2404132},
  year = {2006},
  month = feb,
  publisher = {Springer Science and Business Media {LLC}},
  volume = {20},
  number = {5},
  journal = {Leukemia},
  pages = {847--856},
  author = {J Ratajczak and K Miekus and M Kucia and J Zhang and R Reca and P Dvorak and M Z Ratajczak},
  title = {Embryonic stem cell-derived microvesicles reprogram hematopoietic progenitors: evidence for horizontal transfer of {mRNA} and protein delivery}
}

@TechReport{Park2021,
  author      = {Park, Minhyuk and  Wedell, Eleanor 
and Korobskiy, Dmitriy and Warnow, Tandy and Chacko, George},
  institution = {University of Illinois Urbana-Champaign},
  title       = {{Community Finding and Clustering Project}},
  year        = {2021},
  type        = {Github Repository},
  note         = {{h}ttps://github.com/chackoge/ERNIE\_Plus/tree/master/Illinois/clustering},
}

@article{Rossetti2020,
  note ={DOI:10.1007/s41109-020-00270-6},
  url = {https://doi.org/10.1007/s41109-020-00270-6},
  year = {2020},
  journal = {Network Science},
  month = jun,
  publisher = {Springer Science and Business Media {LLC}},
  volume = {5},
  number = {1},
  author = {Giulio Rossetti},
  title = {{ANGEL}: efficient,  and effective,  node-centric community discovery in static and dynamic networks}
}

@article{merton1968matthew,
  title={The {Matthew} effect in science: {The} reward and communication systems of science are considered},
  author={Merton, Robert K},
  journal={Science},
  volume={159},
  number={3810},
  pages={56--63},
  year={1968},
  publisher={American Association for the Advancement of Science}
}

@article{Olefsky2017,
  note ={DOI:10.1016/j.cell.2017.08.035},
  year = {2017},
  month = oct,
  publisher = {Elsevier {BV}},
  volume = {171},
  journal={Cell},
  number = {2},
  pages = {372--384},
  author = {Wei Ying and Matthew Riopel and Gautam Bandyopadhyay and Yi Dong and Amanda Birmingham and Jong Bae Seo and Jachelle M. Ofrecio and Joshua Wollam and Angelina Hernandez-Carretero and Wenxian Fu and Pingping Li and Jerrold M. Olefsky},
  title = {Adipose Tissue Macrophage-Derived Exosomal {miRNAs} Can Modulate In~Vivo and In~Vitro Insulin Sensitivity}
}

@article{Lotvall2007,
  note ={DOI:10.1038/ncb1596},
  url = {https://doi.org/10.1038/ncb1596},
  year = {2007},
  month = may,
  publisher = {Springer Science and Business Media {LLC}},
  volume = {9},
  journal={Nature Cell Biology},
  number = {6},
  pages = {654--659},
  author = {Hadi Valadi and Karin Ekstr\"{o}m and Apostolos Bossios and Margareta Sj\"{o}strand and James J Lee and Jan O L\"{o}tvall},
  title = {Exosome-mediated transfer of {mRNAs} and {microRNAs} is a novel mechanism of genetic exchange between cells}
}

@article{Raposo1996,
  note ={DOI:10.1084/jem.183.3.1161},
  url = {https://doi.org/10.1084/jem.183.3.1161},
  year = {1996},
  publisher = {Rockefeller University Press},
  journal={Journal of Experimental Medicine},
  volume = {183},
  number = {3},
  pages = {1161--1172},
  author = {G Raposo and H W Nijman and W Stoorvogel and R Liejendekker and C V Harding and C J Melief and H J Geuze},
  title = {B lymphocytes secrete antigen-presenting vesicles.}
}

@Article{Kessler1963,
  author    = {Kessler, M. M.},
  journal   = {American Documentation},
  title     = {Bibliographic coupling between scientific papers},
  year      = {1963},
  issn      = {1936-6108},
  note      = {\_eprint: https://onlinelibrary.wiley.com/doi/pdf/10.1002/asi.5090140103},
  number    = {1},
  pages     = {10--25},
  volume    = {14},
  copyright = {Copyright Â© 1963 Wiley Periodicals, Inc., A Wiley Company},
  doi       = {10.1002/asi.5090140103},
  language  = {en},
}

@article{fang2020survey,
  title={A survey of community search over big graphs},
  author={Fang, Yixiang and Huang, Xin and Qin, Lu and Zhang, Ying and Zhang, Wenjie and Cheng, Reynold and Lin, Xuemin},
  journal={The VLDB Journal},
  volume={29},
  number={1},
  pages={353--392},
  year={2020},
  publisher={Springer}
}

@article{fang2019efficient,
  title={Efficient algorithms for densest subgraph discovery},
  author={Fang, Yixiang and Yu, Kaiqiang and Cheng, Reynold and Lakshmanan, Laks VS and Lin, Xuemin},
  journal={arXiv preprint arXiv:1906.00341},
  year={2019}
}

@inproceedings{ma2020efficient,
  title={Efficient algorithms for densest subgraph discovery on large directed graphs},
  author={Ma, Chenhao and Fang, Yixiang and Cheng, Reynold and Lakshmanan, Laks VS and Zhang, Wenjie and Lin, Xuemin},
  booktitle={Proceedings of the 2020 ACM SIGMOD International Conference on Management of Data},
  pages={1051--1066},
  year={2020}
}

@inproceedings{Leskovec_2008,
	note = {doi:10.1145/1367497.1367620},
	year = 2008,
	publisher = {{ACM} Press},
	author = {Jure Leskovec and Eric Horvitz},
	title = {Planetary-scale views on a large instant-messaging network},
	booktitle = {Proceeding of the 17th international conference on World Wide Web  - {WWW} {\textquotesingle}08}
}

@article{edgar2016,
  note ={DOI:10.1186/s12915-016-0268-z},
  url = {https://doi.org/10.1186/s12915-016-0268-z},
  year = {2016},
  month = jun,
  publisher = {Springer Science and Business Media {LLC}},
  volume = {14},
  journal = {BMC Biology},
  number = {1},
  author = {James R. Edgar},
  title = {{Q {\&} A}: What are exosomes,  exactly?},
}

@Article{Small1973,
  author     = {Small, Henry},
  journal    = {Journal of the American Society for Information Science},
  title      = {Co-citation in the scientific literature: {A} new measure of the relationship between two documents},
  year       = {1973},
  issn       = {1097-4571},
  number     = {4},
  pages      = {265--269},
  volume     = {24},
  copyright  = {Copyright Â© 1973 Wiley Periodicals, Inc., A Wiley Company},
  doi        = {10.1002/asi.4630240406},
  file       = {Snapshot:/Users/george/Zotero/storage/4WSLE3NQ/asi.html:text/html},
  language   = {en},
  shorttitle = {Co-citation in the scientific literature},
}

@article{malliaros2019,
  note ={DOI:10.1007/s00778-019-00587-4},
  url = {https://doi.org/10.1007/s00778-019-00587-4},
  year = {2019},
  month = nov,
  publisher = {Springer Science and Business Media {LLC}},
  volume = {29},
  number = {1},
  journal = {The VLDB Journal},
  pages = {61--92},
  author = {Fragkiskos D. Malliaros and Christos Giatsidis and Apostolos N. Papadopoulos and Michalis Vazirgiannis},
  title = {The core decomposition of networks: theory,  algorithms and applications}
}

@article{kong2019,
  note ={DOI:10.1016/j.physrep.2019.10.004},
  url = {https://doi.org/10.1016/j.physrep.2019.10.004},
  year = {2019},
  month = nov,
  publisher = {Elsevier {BV}},
  volume = {832},
  pages = {1--32},
  journal = {Physics Reports},
  author = {Yi-Xiu Kong and Gui-Yuan Shi and Rui-Jie Wu and Yi-Cheng Zhang},
  title = {k-core: Theories and applications}
}

@article{matula1983smallest,
  title={Smallest-last ordering and clustering and graph coloring algorithms},
  author={Matula, David W and Beck, Leland L},
  journal={Journal of the Association for Computing Machinery (JACM)},
  volume={30},
  number={3},
  pages={417--427},
  year={1983},
  publisher={ACM New York, NY, USA}
}

@misc{leiden-github,
year = {2021},
note = {\url{https://github.com/CWTSLeiden/networkanalysis},
last
accessed October 18, 2021},
title = {Network analysis, Github page for the {Leiden} algorithm},
author = {V.A. Traag},
}

@article{2018,
  note ={DOI:10.1038/s41598-018-21352-7},
  url = {https://doi.org/10.1038/s41598-018-21352-7},
  year = {2018},
  month = feb,
  publisher = {Springer Science and Business Media {LLC}},
  volume = {8},
  number = {1},
  journal={Scientific Reports},
  author = {Lucas G. S. Jeub and Olaf Sporns and Santo Fortunato},
  title = {Multiresolution Consensus Clustering in Networks}
}

@article{devarakonda2020,
  note ={DOI:10.1007/s11192-020-03624-0},
  url = {https://doi.org/10.1007/s11192-020-03624-0},
  year = {2020},
  month = jul,
  publisher = {Springer Science and Business Media {LLC}},
  volume = {125},
  number = {1},
  pages = {271--287},
  journal={Scientometrics},
  author = {Sitaram Devarakonda and Dmitriy Korobskiy and Tandy Warnow and George Chacko},
  title = {Viewing computer science through citation analysis: 
{Salton and Bergmark Redux}}
}

@InProceedings{Dhillon2007,
  author    = {I. Dhillon and Y. Guan and B. Kulis},
  booktitle = {{IEEE Transactions on Pattern Analysis and Machine Intelligence (PAMI)}},
  title     = {Weighted Graph Cuts without Eigenvectors: A Multilevel Approach},
  year      = {2007},
  month     = {Nov},
  pages     = {1944-1957},
  publisher = {ACM Press},
  volume    = {29:11},
}

@article{pittel1996,
 year={1996},
 journal={J. Combinatorial Theory Series B},
 title={Sudden emergence of a giant k-core in a random graph},
 volume={67},
 pages={111--151},
 author={Pittel, Boris and Spencer, Joel and Worlmald, Nicholas},
 }
 
 @article{seidman1983,
  note ={DOI:10.1016/0378-8733(83)90028-x},
  url = {https://doi.org/10.1016/0378-8733(83)90028-x},
  year = {1983},
  month = sep,
  journal = {Social Networks},
  publisher = {Elsevier {BV}},
  volume = {5},
  number = {3},
  pages = {269--287},
  author = {Stephen B. Seidman},
  title = {Network structure and minimum degree}
}

@article{harding1983,
  title={Receptor-mediated endocytosis of transferrin and recycling of the transferrin receptor in rat reticulocytes.},
  author={Harding, Clifford and Heuser, John and Stahl, Philip},
  journal={{Journal of Cell Biology}},
  note ={DOI:10.1083/jcb.97.2.329},
  volume={97},
  number={2},
  pages={329--339},
  year={1983},
  publisher={The Rockefeller University Press}
}

@article{pan1983,
  note ={DOI:10.1016/0092-8674(83)90040-5},
  year = {1983},
  month = jul,
  journal={Cell},
  publisher = {Elsevier {BV}},
  volume = {33},
  number = {3},
  pages = {967--978},
  author = {Bin-Tao Pan and Rose M. Johnstone},
  title = {Fate of the transferrin receptor during maturation of sheep reticulocytes in vitro: Selective externalization of the receptor}
}

@article{kalluri2020,
  note ={DOI:10.1126/science.aau6977},
  url = {https://doi.org/10.1126/science.aau6977},
  year = {2020},
  month = feb,
  publisher = {American Association for the Advancement of Science ({AAAS})},
  volume = {367},
  number = {6478},
  journal={Science},
  author = {Raghu Kalluri and Valerie S. LeBleu},
  title = {The biology, function, and biomedical applications of exosomes}
}

@article{vNiel2018,
  note ={DOI:10.1038/nrm.2017.125},
  url = {https://doi.org/10.1038/nrm.2017.125},
  year = {2018},
  month = jan,
  journal={Nature Reviews Molecular Cell Biology},
  publisher = {Springer Science and Business Media {LLC}},
  volume = {19},
  number = {4},
  pages = {213--228},
  author = {Guillaume van Niel and Gisela D{\textquotesingle}Angelo and Gra{\c{c}}a Raposo},
  title = {Shedding light on the cell biology of extracellular vesicles}
}

@article{verdi2021,
  note ={DOI:10.1096/fba.2021-00081},
  note = {https://doi.org/10.1096/fba.2021-00081},
  year = {2021},
  month = aug,
  publisher = {Wiley},
  journal={FASEB Bio Advances},
  author = {Vincenzo Verdi and AnaÃ¯s B{\'{e}}cot and Guillaume Niel and Frederik J. Verweij},
  title = {In vivo imaging of {EVs} in zebrafish: New perspectives from {\textquotedblleft}the waterside{\textquotedblright}}
}

@article{ghoroghi2021,
  note ={DOI:10.1096/fba.2021-00079},
  note = {https://doi.org/10.1096/fba.2021-00079},
  year = {2021},
  month = aug,
  journal={FASEB Bio Advances},
  publisher = {Wiley},
  author = {Shima Ghoroghi and Benjamin Mary and Nandini Asokan and Jacky G. Goetz and Vincent Hyenne},
  title = {Tumor extracellular vesicles drive metastasis (it{\textquotesingle}s a long way from home)}
}

@article{lananna2021,
  note ={DOI:10.1096/fba.2021-00077},
  url = {https://doi.org/10.1096/fba.2021-00077},
  year = {2021},
  month = jul,
  journal={FASEB Bio Advances},
  publisher = {Wiley},
  volume = {3},
  number = {10},
  pages = {787--801},
  author = {Lananna, Brian V.  and Imai, {Shin-ichiro} },
  title = {Friends and foes: Extracellular vesicles in aging and rejuvenation}
}

@article{busatto2021,
  note ={DOI:10.1096/fba.2021-00045},
  url = {https://doi.org/10.1096/fba.2021-00045},
  year = {2021},
  month = jul,
  journal={FASEB Bio Advances},
  publisher = {Wiley},
  volume = {3},
  number = {9},
  pages = {665--675},
  author = {Sara Busatto and Golnaz Morad and Peng Guo and Marsha A. Moses},
  title = {The role of extracellular vesicles in the physiological and pathological regulation of the blood{\textendash}brain barrier}
}

@article{he2021,
  note ={DOI:10.1096/fba.2021-00040},
  url = {https://doi.org/10.1096/fba.2021-00040},
  year = {2021},
  month = jun,
  journal={FASEB Bio Advances},
  publisher = {Wiley},
  volume = {3},
  number = {9},
  pages = {657--664},
  author = {Baoye He and Rachael Hamby and Hailing Jin},
  title = {Plant extracellular vesicles: Trojan horses of cross-kingdom warfare}
}

@article{schnatz2021,
  note ={DOI:10.1096/fba.2021-00035},
  url = {https://doi.org/10.1096/fba.2021-00035},
  year = {2021},
  month = may,
  journal={FASEB Bio Advances},
  publisher = {Wiley},
  volume = {3},
  number = {8},
  pages = {577--592},
  author = {Andrea Schnatz and Christina M\"{u}ller and Alexandra Brahmer and Eva-Maria Kr\"{a}mer-Albers},
  title = {Extracellular Vesicles in neural cell interaction and {CNS} homeostasis}
}

@article{lelay2021,
  note ={DOI:10.1096/fba.2020-00147},
  note = {https://doi.org/10.1096/fba.2020-00147},
  year = {2021},
  month = mar,
  journal={FASEB Bio Advances},
  publisher = {Wiley},
  author = {Le Lay, Soazig  and Rome, Sophie   and  Loyer, Xavier   and Nieto, Laurence},
  title = {Adipocyte-derived extracellular vesicles in health and diseases: Nano-packages with vast biological properties}
}

@article{leidal2021,
  note ={DOI:10.1096/fba.2020-00138},
  url = {https://doi.org/10.1096/fba.2020-00138},
  year = {2021},
  month = mar,
  journal={FASEB Bio Advances},
  publisher = {Wiley},
  volume = {3},
  number = {5},
  pages = {377--386},
  author = {Andrew M. Leidal and Jayanta Debnath},
  title = {Emerging roles for the autophagy machinery in extracellular vesicle biogenesis and secretion}
}

@article{clancy2021,
  note ={DOI:10.1096/fba.2020-00127},
  note = {https://doi.org/10.1096/fba.2020-00127},
  year = {2021},
  month = mar,
  journal={FASEB Bio Advances},
  publisher = {Wiley},
  author = {James W. Clancy and Madison Schmidtmann and Crislyn D'Souza-Schorey},
  title = {The ins and outs of microvesicles}
}

@article{raposo2021,
  note ={DOI:10.1096/fba.2021-00009},
  year = {2021},
  month = mar,
  publisher = {Wiley},
  volume = {3},
  number = {6},
  pages = {456--458},
  author = {Gra{\c{c}}a Raposo and Guillaume Niel and Philip D. Stahl},
  title = {Extracellular vesicles and homeostasis{\textemdash}An emerging field in bioscience research},
  journal = {{FASEB} {BioAdvances}}
}

@incollection{Almeida2011,
  note ={DOI:10.1007/978-3-642-23780-5_13},
  url = {https://doi.org/10.1007/978-3-642-23780-5_13},
  year = {2011},
  publisher = {Springer Berlin Heidelberg},
  pages = {44--59},
  author = {H{\'{e}}lio Almeida and Dorgival Guedes and Wagner Meira and Mohammed J. Zaki},
  title = {Is There a Best Quality Metric for Graph Clusters?},
  booktitle = {Machine Learning and Knowledge Discovery in Databases}
}

@article{Fortunato2006,
  note ={DOI:10.1073/pnas.0605965104},
  url = {https://doi.org/10.1073/pnas.0605965104},
  year = {2007},
  month = dec,
  publisher = {Proceedings of the National Academy of Sciences},
  volume = {104},
  number = {1},
  pages = {36--41},
  author = {S. Fortunato and M. Barthelemy},
  title = {Resolution limit in community detection},
  journal = {Proceedings of the National Academy of Sciences}
}

@article{VanDongen2008,
  note ={DOI:10.1137/040608635},
  url = {https://doi.org/10.1137/040608635},
  year = {2008},
  month = jan,
  publisher = {Society for Industrial {\&} Applied Mathematics ({SIAM})},
  volume = {30},
  number = {1},
  pages = {121--141},
  author = { {Van Dongen}, Stijn},
  title = {Graph Clustering Via a Discrete Uncoupling Process},
  journal = {{SIAM} Journal on Matrix Analysis and Applications}
}

@article{Traag2019,
  note ={DOI:10.1038/s41598-019-41695-z},
  url = {https://doi.org/10.1038/s41598-019-41695-z},
  year = {2019},
  month = mar,
  publisher = {Springer Science and Business Media {LLC}},
  volume = {9},
  number = {1},
  author = {V. A. Traag and L. Waltman and N. J. van Eck},
  title = {{From Louvain to Leiden: guaranteeing well-connected communities}},
  journal = {Scientific Reports}
}

@article{Klavans2017,
author = {Klavans, Richard and Boyack, Kevin W.},
title = {Which Type of Citation Analysis Generates the Most Accurate Taxonomy of Scientific and Technical Knowledge?},
journal = {Journal of the Association for Information Science and Technology},
volume = {68},
number = {4},
pages = {984-998},
note ={DOI:10.1002/asi.23734},
year = {2017}
}

@article{McCain1986,
  year = {1986},
  publisher = {{University of Chicago Press}},
  volume = {56},
  issue = {3},
  pages = {258-271},
  author = {McCain, Katherine W.},
  title = {The Paper Trails of Scholarship: Mapping the Literature of Genetics},
  journal = {The Library Quarterly},
}

@article{hook2018dimensions,
  title={Dimensions: building context for search and evaluation},
  author={Hook, Daniel W and Porter, Simon J and Herzog, Christian},
  journal={Frontiers in Research Metrics and Analytics},
  volume={3},
  pages={23},
  year={2018},
  publisher={Frontiers}
}

@article{Newman2006,
  note ={DOI:10.1073/pnas.0601602103},
  url = {https://doi.org/10.1073/pnas.0601602103},
  year = {2006},
  month = may,
  publisher = {Proceedings of the National Academy of Sciences},
  volume = {103},
  number = {23},
  pages = {8577--8582},
  author = {M. E. J. Newman},
  title = {Modularity and community structure in networks},
  journal = {Proceedings of the National Academy of Sciences}
}

@article{Blondel_2008,
	note ={DOI:10.1088/1742-5468/2008/10/p10008},
	url = {https://doi.org/10.1088/1742-5468/2008/10/p10008},
	year = 2008,
	month = {oct},
	publisher = {{IOP} Publishing},
	volume = {2008},
	number = {10},
	pages = {P10008},
	author = {Vincent D Blondel and Jean-Loup Guillaume and Renaud Lambiotte and Etienne Lefebvre},
	title = {Fast unfolding of communities in large networks},
	journal = {Journal of Statistical Mechanics: Theory and Experiment},
}

@article{Boyack2014,
  note ={DOI:10.1016/j.joi.2014.04.001},
  url = {https://doi.org/10.1016/j.joi.2014.04.001},
  year = {2014},
  month = jul,
  publisher = {Elsevier {BV}},
  volume = {8},
  number = {3},
  pages = {569--580},
  author = {Kevin W. Boyack and Richard Klavans},
  title = {Including cited non-source items in a large-scale map of science: What difference does it make?},
  journal = {Journal of Informetrics}
}

@book{Breiger2014,
  note ={DOI:10.4324/9781315765488},
  year = {2014},
  author = {Ronald Breiger},
  month = aug,
  publisher = {Routledge},
  address = {New York},
  title = {{Explorations in Structural Analysis (RLE Social Theory): Dual and Multiple Networks of Social Interaction}},
  ISBN = {9781317657583, 1317657586},
}

@Book{Halliday1992,
  author    = {Halliday, Terence},
  publisher = {University of Chicago Press},
  title     = {Sociology and its publics : the forms and fates of disciplinary organization},
  year      = {1992},
  address   = {Chicago},
  isbn      = {0226313794},
}

@Book{Mullins1973,
  author    = {Mullins, Nicholas},
  publisher = {Harper \& Row},
  title     = {Theories and theory groups in contemporary American sociology},
  year      = {1973},
  address   = {New York},
  isbn      = {9780060446499},
}

@article{Mullins1983,
  note ={DOI:10.2307/202056},
  url = {https://doi.org/10.2307/202056},
  year = {1983},
  publisher = {{JSTOR}},
  volume = {1},
  pages = {319},
  author = {Nicholas C. Mullins},
  title = {Theories and Theory Groups Revisited},
  journal = {Sociological Theory}
}

@article{Chandrasekharan2021,
  note ={DOI:10.1162/qss\_a\_00095},
  url = {https://doi.org/10.1162/qss_a_00095},
  year = {2021},
  publisher = {{MIT} Press - Journals},
  volume = {2},
  number = {1},
  pages = {184--203},
  author = {Shreya Chandrasekharan and Mariam Zaka and Stephen Gallo and Wenxi Zhao and Dmitriy Korobskiy and Tandy Warnow and George Chacko},
  title = {Finding scientific communities in citation graphs: Articles and
		                    authors},
  journal = {Quantitative Science Studies}
}

@Article{Price1965,
  author  = {Price, Derek de Solla},
  journal = {Science},
  title   = {{Networks of Scientific Papers}},
  year    = {1965},
  pages   = {510-515},
  volume  = {149},
}

@Article{Price1966,
  author  = {Price, Derek de Solla and Beaver, Donald DeB.},
  journal = {American Psychologist},
  title   = {Collaboration in an Invisible College},
  year    = {1966},
  number  = {11},
  pages   = {1011-1018},
  volume  = {21},
}

@Book{crane1972invisible,
 author = {Crane, Diana},
 title = {{Invisible colleges; diffusion of knowledge in scientific communities}},
 publisher = {University of Chicago Press},
 year = {1972},
 address = {Chicago},
 isbn = {9780226118574}
 }
 
@Incollection{Boyack2019,
author="Boyack, Kevin W.
and Klavans, Richard",
editor="Gl{\"a}nzel, Wolfgang
and Moed, Henk F.
and Schmoch, Ulrich
and Thelwall, Mike",
title="Creation and Analysis of Large-Scale Bibliometric Networks",
bookTitle="Springer Handbook of Science and Technology Indicators",
year="2019",
publisher="Springer International Publishing",
address="Cham, Denmark",
pages="187--212",
abstract="In the more than a decade since the last Handbook of Quantitative Science and Technology Research [8.1] was published, a sea change has occurred in the creation and analysis of bibliometric networks that describe the Science {\&} Technology (S{\&}T) landscape. Previously, networks were typically restricted in size to hundreds or thousands of objects (papers, journals, authors, etc.) due to lack of data access and computing capacity. However, recent years have seen the increased availability of full databases, increased computing capacity, and development of partitioning and community detection algorithms that can work effectively at large scale. As a result, much larger networks--comprised of millions or tens of millions of objects--are being created and analyzed. These large-scale networks have enabled analyses that were simply not possible in the past, analyses that require the context of complete networks to give accurate results.",
isbn="978-3-030-02511-3",
doi="10.1007/978-3-030-02511-3_8",
url="https://doi.org/10.1007/978-3-030-02511-3_8"
}

@Book{Kuhn1970,
  author    = {Kuhn, Thomas},
  publisher = {University of Chicago Press},
  title     = {The structure of scientific revolutions},
  year      = {1970},
  address   = {Chicago},
  isbn      = {9780226458083},
}

@article{Klavans2020,
  note ={DOI:10.1371/journal.pone.0239177},
  url = {https://doi.org/10.1371/journal.pone.0239177},
  year = {2020},
  month = sep,
  publisher = {Public Library of Science ({PLoS})},
  volume = {15},
  number = {9},
  pages = {e0239177},
  author = {Richard Klavans and Kevin W. Boyack and Dewey A. Murdick},
  editor = {Lutz Bornmann},
  title = {A novel approach to predicting exceptional growth in research},
  journal = {{PLOS} {ONE}}
}

@inproceedings{Giatsidis2011,
  note ={DOI:10.1109/asonam.2011.65},
  year = {2011},
  month = jul,
  publisher = {{IEEE}},
  author = {Christos Giatsidis and Dimitrios M. Thilikos and Michalis Vazirgiannis},
  title = {Evaluating Cooperation in Communities with the k-Core Structure},
  booktitle = {2011 International Conference on Advances in Social Networks Analysis and Mining}
}

@article{Garfield1988,
  year={1988},
  journal={Current Contents},
  author={Eugene Garfield},
  volume={4},
  title={New Tools for Studying the History of Science},
  pages={3-11},
  note={Reprinted in Essays of an Information Scientist, Vol:11, p.20-28, 1988}
 }

@article{Subelj2016,
  note ={DOI:10.1371/journal.pone.0154404},
  url = {https://doi.org/10.1371/journal.pone.0154404},
  year = {2016},
  month = apr,
  publisher = {Public Library of Science ({PLoS})},
  volume = {11},
  number = {4},
  pages = {e0154404},
  author = {Lovro {\v{S}}ubelj and Nees Jan van Eck and Ludo Waltman},
  editor = {Lutz Bornmann},
  title = {Clustering Scientific Publications Based on Citation Relations: A Systematic Comparison of Different Methods},
  journal = {{PLOS} {ONE}}
}

@article{Lyu2021,
  note ={DOI:10.1007/s11192-021-04034-6},
  url = {https://doi.org/10.1007/s11192-021-04034-6},
  year = {2021},
  month = jun,
  publisher = {Springer Science and Business Media {LLC}},
  volume = {126},
  number = {8},
  pages = {6965--6987},
  author = {Xiaozan Lyu and Rodrigo Costas},
  title = {Studying the characteristics of scientific communities using individual-level bibliometrics: the case of Big Data research},
  journal = {Scientometrics}
}

@article{Boyack2010,
  note ={DOI:10.1002/asi.21419},
  url = {https://doi.org/10.1002/asi.21419},
  year = {2010},
  month = dec,
  publisher = {Wiley},
  volume = {61},
  number = {12},
  pages = {2389--2404},
  author = {Kevin W. Boyack and Richard Klavans},
  title = {Co-citation analysis,  bibliographic coupling,  and direct citation: Which citation approach represents the research front most accurately?},
  journal = {Journal of the American Society for Information Science and Technology}
}

@article{LeoneSciabolazza2017,
  note ={DOI:10.1371/journal.pone.0182516},
  url = {https://doi.org/10.1371/journal.pone.0182516},
  year = {2017},
  month = aug,
  publisher = {Public Library of Science ({PLoS})},
  volume = {12},
  number = {8},
  pages = {e0182516},
  author = {Valerio Leone Sciabolazza and Raffaele Vacca and Therese Kennelly Okraku and Christopher McCarty},
  editor = {Zhong-Ke Gao},
  title = {Detecting and analyzing research communities in longitudinal scientific networks},
  journal = {{PLOS} {ONE}}
}

@article{Ahlgren2020, 
  note = {\href{DOI:10.1162/qss\_a\_00027}},
  url = {https://doi.org/10.1162/qss\_a_00027},
  year = {2020},
  month = mar,
  publisher = {{MIT} Press - Journals},
  pages = {1--16},
  author = {Per Ahlgren and Yunwei Chen and Cristian Colliander and Nees Jan van Eck},
  title = {Enhancing direct citations: A comparison of relatedness measures for community detection in a large set of {PubMed} publications},
  journal = {Quantitative Science Studies}
}

@article{Waltman2012,
  note ={DOI:10.1002/asi.22748},
  url = {https://doi.org/10.1002/asi.22748},
  year = {2012},
  month = nov,
  publisher = {Wiley},
  volume = {63},
  number = {12},
  pages = {2378--2392},
  author = {Ludo Waltman and Nees Jan van Eck},
  title = {A new methodology for constructing a publication-level classification system of science},
  journal = {Journal of the American Society for Information Science and Technology}
}

@article{Boyack2011,
  note ={DOI:10.1371/journal.pone.0018029},
  url = {https://doi.org/10.1371/journal.pone.0018029},
  year = {2011},
  month = mar,
  publisher = {Public Library of Science ({PLoS})},
  volume = {6},
  number = {3},
  pages = {e18029},
  author = {Kevin W. Boyack and David Newman and Russell J. Duhon and Richard Klavans and Michael Patek and Joseph R. Biberstine and Bob Schijvenaars and Andr{\'{e}} Skupin and Nianli Ma and Katy B\"{o}rner},
  editor = {Colin Allen},
  title = {Clustering More than Two Million Biomedical Publications: Comparing the Accuracies of Nine Text-Based Similarity Approaches},
  journal = {{PLoS} {ONE}}
}

@article{Javed2018,
  note ={DOI:10.1016/j.jnca.2018.02.011},
  url = {https://doi.org/10.1016/j.jnca.2018.02.011},
  year = {2018},
  month = apr,
  publisher = {Elsevier {BV}},
  volume = {108},
  pages = {87--111},
  author = {Muhammad Aqib Javed and Muhammad Shahzad Younis and Siddique Latif and Junaid Qadir and Adeel Baig},
  title = {Community detection in networks: A multidisciplinary review},
  journal = {Journal of Network and Computer Applications}
}

@article{Newman2004,
  note ={DOI:10.1103/physreve.69.026113},
  url = {https://doi.org/10.1103/physreve.69.026113},
  year = {2004},
  month = feb,
  publisher = {American Physical Society ({APS})},
  volume = {69},
  number = {2},
  author = {M. E. J. Newman and M. Girvan},
  title = {Finding and evaluating community structure in networks},
  journal = {Physical Review E}
}

@incollection{Fortunato2009,
  note ={DOI:10.1007/978-1-4614-1800-9\_33},
  url = {https://doi.org/10.1007/978-0-387-30440-3_76},
  year = {2009},
  publisher = {Springer New York},
  pages = {490--512},
  author = {Santo Fortunato and Claudio Castellano},
  title = {Community Structure in Graphs},
  booktitle = {Computational Complexity}
}

@article{Fortunato2010,
  note ={DOI:10.1016/j.physrep.2009.11.002},
  url = {https://doi.org/10.1016/j.physrep.2009.11.002},
  year = {2010},
  month = feb,
  publisher = {Elsevier {BV}},
  volume = {486},
  number = {3-5},
  pages = {75--174},
  author = {Santo Fortunato},
  title = {Community detection in graphs},
  journal = {Physics Reports}
}


@article{Coscia2011,
  note ={DOI:10.1002/sam.10133},
  url = {https://doi.org/10.1002/sam.10133},
  year = {2011},
  month = sep,
  publisher = {Wiley},
  volume = {4},
  number = {5},
  pages = {512--546},
  author = {Michele Coscia and Fosca Giannotti and Dino Pedreschi},
  title = {A classification for community discovery methods in complex networks},
  journal = {Statistical Analysis and Data Mining}
}

@Article{Mullins1985,
  author     = {Mullins, Nicholas C},
  journal    = {Scientometrics},
  title      = {INVISIBLE COLLEGES AS SCIENCE ELITES},
  year       = {1985},
  number     = {},
  pages      = {357-368},
  volume     = {7},
  doi        = {10.1007/BF02017154},
  shorttitle = {SCIENCE ELITES},
  url        = {https://doi.org/10.1007/BF02017154},
  urldate    = {},
}

@article{Raposo2013,
  note ={DOI:10.1083/jcb.201211138},
  url = {https://doi.org/10.1083/jcb.201211138},
  year = {2013},
  month = feb,
  publisher = {Rockefeller University Press},
  volume = {200},
  number = {4},
  pages = {373--383},
  author = {Gra{\c{c}}a Raposo and Willem Stoorvogel},
  title = {Extracellular vesicles: Exosomes,  microvesicles,  and friends},
  journal = {Journal of Cell Biology}
}

@article{Harding2013,
  note ={DOI:10.1083/jcb.201212113},
  url = {https://doi.org/10.1083/jcb.201212113},
  year = {2013},
  month = feb,
  publisher = {Rockefeller University Press},
  volume = {200},
  number = {4},
  pages = {367--371},
  author = {Clifford V. Harding and John E. Heuser and Philip D. Stahl},
  title = {Exosomes: Looking back three decades and into the future},
  journal = {Journal of Cell Biology}
}

@article{Skog2008,
  note ={DOI:10.1038/ncb1800},
  url = {https://doi.org/10.1038/ncb1800},
  year = {2008},
  month = nov,
  publisher = {Springer Science and Business Media {LLC}},
  volume = {10},
  number = {12},
  pages = {1470--1476},
  author = {Johan Skog and Tom W\"{u}rdinger and Sjoerd van Rijn and Dimphna H. Meijer and Laura Gainche and William T. Curry and Bob S. Carter and Anna M. Krichevsky and Xandra O. Breakefield},
  title = {Glioblastoma microvesicles transport {RNA} and proteins that promote tumour growth and provide diagnostic biomarkers},
  journal = {Nature Cell Biology}
}


@article{Trams1981,
  note ={DOI:10.1016/0005-2736(81)90512-5},
  url = {https://doi.org/10.1016/0005-2736(81)90512-5},
  year = {1981},
  month = jun,
  publisher = {Elsevier {BV}},
  volume = {645},
  number = {1},
  pages = {63--70},
  author = {Eberhard G. Trams and Carl J. Lauter and Jr. Norman Salem and Ursula Heine},
  title = {Exfoliation of membrane ecto-enzymes in the form of micro-vesicles},
  journal = {Biochimica et Biophysica Acta ({BBA}) - Biomembranes}
}


@article{smallspecialties1979,
	title = {Specialties and disciplines in science and social science: {An} examination of their structure using citation indexes},
	volume = {1},
	issn = {1588-2861},
	url = {https://doi.org/10.1007/BF02016661},
	note ={DOI:10.1007/BF02016661},
	number = {5},
	journal = {Scientometrics},
	author = {Small, H. G. and Crane, D.},
	month = aug,
	year = {1979},
	pages = {445--461},
}


@article{networkit2016,
  title={NetworKit: A tool suite for large-scale complex network analysis},
  author={Staudt, Christian L and Sazonovs, Aleksejs and Meyerhenke, Henning},
  journal={Network Science},
  volume={4},
  number={4},
  pages={508--530},
  year={2016},
  publisher={Cambridge University Press}
}

